@article{mdfail,
  title={Failure modes in medical device software: an analysis of 15 years of recall data},
  author={Wallace, Dolores R and Kuhn, D Richard},
  journal={International Journal of Reliability, Quality and Safety Engineering},
  volume={8},
  number={04},
  pages={351--371},
  year={2001},
  publisher={World Scientific}
}

@article{gibbs1994software,
  title={Software's chronic crisis},
  author={Gibbs, W Wayt},
  journal={Scientific American},
  volume={271},
  number={3},
  pages={72--81},
  year={1994}
}

@article{regulation,
  title={Regulation of medical devices in the United States and European Union},
  author={Kramer, Daniel B and Xu, Shuai and Kesselheim, Aaron S},
  journal={New England journal of medicine},
  volume={366},
  number={9},
  pages={848--855},
  year={2012},
  publisher={Mass Medical Soc}
}

@online{eumedicaldevice,
author = {Gallagher, James},
title = {PIP breast implants: European Commission says reform needed},
year = {2012},
url = {http://www.bbc.com/news/health-16543321},
publisher= {BBC},
location={United Kingdom},
urldate = {2014-04-25},
}

@online{isec,
author = {DataProtectionCommissioner},
title = {The Data Protection Rules},
year = {2012},
url = {http://www.dataprotection.ie/ViewDoc.asp?fn=/documents/responsibilities/3bii.htm&CatID=54&m=y},
publisher= {Office of the Data Protectiton Commissioner},
location={Ireland},
urldate = {2014-04-30},
}

@online{chg,
author = {Accenture},
title = {Connected Health: The Drive to Integrated Healthcare Delivery},
year = {2012},
publisher= {Accenture},
url = {http://www.himss.eu/sites/default/files/Accenture-Connected-Health-Global-Report-Final-Web.pdf},
urldate = {2014-04-30},
}


@article{pbl,
  title={Problem based learning},
  author={Kilroy, DA},
  journal={Emergency medicine journal},
  volume={21},
  number={4},
  pages={411--413},
  year={2004},
  publisher={BMJ Publishing Group Ltd and the British Association for Accident \& Emergency Medicine}
}

@article{usability,
  title={Using usability heuristics to evaluate patient safety of medical devices},
  author={Zhang, Jiajie and Johnson, Todd R and Patel, Vimla L and Paige, Danielle L and Kubose, Tate},
  journal={Journal of biomedical informatics},
  volume={36},
  number={1},
  pages={23--30},
  year={2003},
  publisher={Elsevier}
}

@article{env,
  title={Evaluation of connected health technology},
  author={O'Neill, Sonja A and Nugent, Chris D and Donnelly, Mark P and McCullagh, Paul and McLaughlin, James},
  journal={Technology and Health Care},
  volume={20},
  number={3},
  pages={151--167},
  year={2012},
  publisher={IOS Press}
}

@article{home,
  title={Health monitoring in the home of the future},
  author={Korhonen, Ilkka and Parkka, Juha and Van Gils, Mark},
  journal={Engineering in Medicine and Biology Magazine, IEEE},
  volume={22},
  number={3},
  pages={66--73},
  year={2003},
  publisher={IEEE}
}

@article{landers,
  title={The case for “connected health” at home},
  author={Landers, Steven H.},
  journal={Cleveland Clinic Journal of Medicine},
  volume={80},
  number={e-Suppl 1},
  pages={e--S27},
  year={2013},
  publisher={Cleveland Clinic}
}

@book{usability2,
  title={Usability engineering},
  author={Nielsen, Jakob},
  year={1994},
  publisher={Elsevier}
}

@misc{usability1,
  title={Usability 101: Introduction to usability},
  author={Nielsen, Jakob},
  year={2003}
}

@article{nursesworking,
  title={The working hours of hospital staff nurses and patient safety},
  author={Rogers, Ann E and Hwang, Wei-Ting and Scott, Linda D and Aiken, Linda H and Dinges, David F},
  journal={Health affairs},
  volume={23},
  number={4},
  pages={202--212},
  year={2004},
  publisher={Health Affairs}
}

@inproceedings{wilcox,
  title={Architectural strategies and issues with health information exchange},
  author={Wilcox, Adam and Kuperman, Gilad and Dorr, David A and Hripcsak, George and Narus, Scott P and Thornton, Sidney N and Evans, R Scott},
  booktitle={AMIA Annual Symposium Proceedings},
  volume={2006},
  pages={814},
  year={2006},
  organization={American Medical Informatics Association}
}

@misc{data,
  title={Data protection act of 1998},
  author={Parliament, Irish},
  year={1998}
}

@article{privacy,
  title={Privacy as an enabler, not an impediment: building trust into health information exchange},
  author={McGraw, Deven and Dempsey, James X and Harris, Leslie and Goldman, Janlori},
  journal={Health Affairs},
  volume={28},
  number={2},
  pages={416--427},
  year={2009},
  publisher={Health Affairs}
}

@online{wired,
author = {Zetter, K.},
title = {It’s Insanely Easy to Hack Hospital Equipment},
year = {2014},
url = {http://www.wired.com/2014/04/hospital-equipment-vulnerable/. },
publisher= {www.wired.com},
urldate = {2014-04-25},
}

@online{recall,
author = {FDA},
title = {What is a Medical Device Recall?},
year = {2012},
url = {http://www.fda.gov/MedicalDevices/Safety/ListofRecalls/ucm329946.htm},
publisher= {Food and Drug Association},
urldate = {2014-04-20},
}

@online{openssl,
author = {OpenSSL},
title = {TLS heartbeat read overrun},
year = {2014},
url = {https://www.openssl.org/news/secadv_20140407.txt},
publisher= {www.openssl.org},
urldate = {2014-04-20},
}

@inproceedings{risk,
  title={A risk management capability model for use in medical device companies},
  author={Burton, John and McCaffery, Fergal and Richardson, Ita},
  booktitle={Proceedings of the 2006 international workshop on Software quality},
  pages={3--8},
  year={2006},
  organization={ACM}
}

@online{amazon,
author = {BBC},
title = {Amazon knocked offline by 'hardware failure'},
year = {2010},
url = {http://www.bbc.com/news/technology-11980125},
publisher= {BBC},
location={United Kingdom},
urldate = {2014-04-27},
}

@online{amazon1,
author = {Wainewright, P},
title = {Lightning strike zaps EC2 Ireland},
year = {2011},
url = {http://www.zdnet.com/blog/saas/lightning-strike-zaps-ec2-ireland/1382},
publisher= {ZDNET},
location={United Kingdom},
urldate = {2014-05-01},
}

@online{pacemaker,
author = {Franzen, C },
title = {Dick Cheney had the wireless disabled on his pacemaker to avoid risk of terrorist tampering},
year = {2013},
url = {http://www.theverge.com/2013/10/21/4863872/dick-cheney-pacemaker-wireless-disabled-2007.},
publisher= {The Verge[Online]},
location={United Kingdom},
urldate = {2014-05-01},
}

@article{shroff,
  title={A Proposed Framework for Software Quality in the Healthcare and Medical Industry},
  author={Shroff, Vispi and Reid, Louise and Richardson, Ita},
  year={2011}
}


@MISC(interview,
  AUTHOR = "JH",
  MONTH = "March",
  YEAR = 2014,
  HOWPUBLISHED = "private interview")